@INPROCEEDINGS{APFC17,
  author = "P.-E. Angeli and M.-A. Puscas and G. Fauchet and A. Cartalade",
  title = "FVCA8 benchmark for the Stokes and Navier-Stokes equations with the TrioCFD code",
  booktitle = "Finite volumes for Complex Applications VIII - Methods and Theoretical Aspects",
  editor = "C. Canc\`es and P. Omnes",
  publisher = "Springer Proceedings in Mathematics \& Statistics",
  volume = "199",
  pages = "181-302",
  year = "2017"
}

@ARTICLE{BaSt06,
  author = "A. Baran and G. Stoyan", 
  title = "Crouzeix-Velte Decompositions for Higher-Order Finite Elements",
  journal = "CAMWA",
  volume = "51",
  pages = "967-986",
  year = "2006"
}

@ARTICLE{BeHe00,
  author = "C. Bernardi and F. Hecht",
  title = "More pressure in the finite element discretization of the Stokes problem",
  journal = "ESAIM: M2AN",
  year = "2000",
  volume = "34",
  number = "5",
  pages = "953--980"
}

@BOOK{BoBF13,
  author = "D. Boffi and F. Brezzi and M. Fortin",
  title = "Mixed and hybrid finite element methods and applications",
  year = "2013",
  publisher = "Springer-Verlag"
}

@ARTICLE{Chor68,
  author = "A. J. Chorin",
  title = "Numerical Solution of the Navier-Stokes Equations",
  journal = "Math. Comp.",
  year = "1968",
  volume = "22",
  number = "104",
  pages = "745--762"
}

@ARTICLE{CrRa73,
  author = "M. Crouzeix and P.-A. Raviart",
  title = "Conforming and nonconforming finite element methods for solving the stationary Stokes equations",
  journal = "RAIRO, S\'er. Anal. Numer.",
  year = "1977",
  volume = "33"
}

@BOOK{DaLi88,
  author = "R. Dautray and J.-L. Lions",
  title = "Analyse math\'ematique et calcul num\'erique pour les sciences et les techniques",
  publisher = "Masson",
  ADDRESS = "Paris",
  year = "1988"
}

@BOOK{ElSW05,
  author = "H. Elman and D. Silvester and A. Wathen",
  title = "Finite Elements and Fast Iterative Solvers with Applications in Incompressible Fluid Dynamics",
  publisher = "Oxford university Press",
  year = "2005"
}

@PHDTHESIS{Emon92,
  author = "Ph. Emonot",
  title = "M\'ethode de volumes \'elements finis~: applications aux \'equations de Navier-Stokes et r\'esultats de convergence",
  SCHOOL = "Universit\'e Claude Bernard -- Lyon I",
  year = "1992"
}

@PHDTHESIS{Fort06,
  author = "T. Fortin",
  title = "Une m\'ethode \'elements finis \`a d\'ecompositoin $L^2$ d'ordre \'elev\'e motiv\'ee par la simulation d'\'ecoulement diphasique bas Mach",
  SCHOOL = "Universit\'e Pierre et Marie Curie -- Paris VI",
  year = "2006"
}

@BOOK{GiRa86,
  author = "V. Girault and P.-A. Raviart",
  title = "Finite element methods for Navier-Stokes equations",
  year = "1986",
  publisher = "Springer-Verlag"
}

@PHDTHESIS{Heib03,
  author = "S. Heib",
  title = "Nouvelles discr\'etisations non structu\'ees pour des \'ecoulements de fluides \`a incompressibilit\'e renforc\'ee",
  SCHOOL = "Universit\'e Paris 6",
  year = "2003"
}

@ARTICLE{Link14,
  author = "A. Linke",
  title = "On the Role of the Helmholtz-Decomposition in Mixed Methods for Incompressible Flows and a New Variational Crime",
  journal = "Comput. Methods Appl. Mech. Engrg.",
  number = "268",
  pages = "782--800",
  year = "2014"
}

@ARTICLE{LiMW17,
  author = "A. Linke and C. Merdon and W. Wollner",
  title = "Optimal L2 velocity error estimate for a modified pressure-robust Crouzeix-Raviart Stokes element", 
  journal = "IMA journal of Numerical Analysis", 
  volume = "37",
  number = "1",
  pages = "354--374",
  year = "2017"
}

@ARTICLE{JJLR13,
  author = "E. W. Jenkins and V. John and A. Linke and L. G. Rebholz",
  title = "On the parameter choice in grad-div stabilization for the Stokes equations",
  journal = "Advances in Computational Mathematics",
  volume = "40",
  number = "2",
  pages = "491-516",
  year = "2013"
}

@ARTICLE{JKMN17,
  author = "V. John and A. Linke and C. Merdon and M. Neilan and L. Rebholz",
  title = "On the divergence constraint in mixed finite element methods for incompressible flows", 
  journal = "SIAM Review", 
  volume = "59",
  number = "3",
  pages = "492--544",
  year = "2017"
}

@INPROCEEDINGS{RaTh77,
  author = "P.-A. Raviart and J.-M. Thomas",
  title = "A mixed finite element method for second order elliptic problems", 
  booktitle = "Mathematical aspects of finite element methods",
  year = "1977",
  series = "Lecture Notes in Mathematics",
  volume = "606",
  pages = "292-315",
  publisher = "Springer"
}

@ARTICLE{Nede80,
  author = "J.-C. N\'ed\'elec",
  title = "Mixed finite elements in $\R^3$",
  journal = "Numer. Math.",
  year = "1980",
  volume = "35",
  pages = "315-341"
}

@ARTICLE{Tema68,
  author = "R. Temam",
  title = "Une m\'ethode d'approximation de la solution des \'equations de Navier-Stokes",
  journal = "S. M. F",
  year = "1968",
  volume = "96",
  pages = "115--152"
}
