@misc{NPW2020,
  title = "Nuclear Power in the World Today", 
  publisher = "World Nuclear Association",
  url = "https://www.world-nuclear.org",
  year = "update 2020"
}

@misc{IAEA2012,
  title = "From Obninsk Beyond: Nuclear Power Conference Looks to Future",
  publisher = "International Atomic Energy Agency",
  url = "https://www.iaea.org",
  year = "2012"
}

@inproceedings{goldberg2011nuclear,
  title = "Nuclear reactors: Generation to generation",
  author = "Goldberg, Stephen and Rosner, Robert",
  year = "2011",
  publisher = "American academy of arts and sciences Cambridge",
  pages = "1--40"
}

@article{anderson1973early,
  title = "Early days of the chain reaction",
  author = "Anderson, Herbert L",
  journal = "Bulletin of the Atomic Scientists",
  volume = "29",
  number = "4",
  pages = "8--12",
  year = "1973",
  publisher = "Taylor \& Francis"
}

@article{pioro2013current,
  title = "Current status of electricity generation at nuclear power plants",
  author = "Pioro, I. and Kirillov, P.",
  journal = "Materials and processes for energy: communicating current research and technological developments.",
  volume = "1",
  pages = "806--817",
  year = "2013",
  publisher = "Formatex Research Center Spain"
}

@article{Marques2010,
  title = "Evolution of nuclear fission reactors: Third generation and beyond",
  journal = "Energy Conversion and Management.",
  volume = "51",
  pages = "1774 - 1780",
  year = "2010",
  author = "J.G. Marques"
}

@article{Duarte2013,
  title = "Generation {IV} Nuclear Systems: State of the Art and Current Trends with Emphasis on Safety and Security",
  author = "Duarte, J. P and Oliva, J. de J. R. and Melo, P. F. F. F.",
  journal = "Current Research in Nuclear Reactor Technology in Brazil and Worldwide.",
  pages = "143",
  year = "2013"
}

@article{Abram2008,
  title = "Generation-{IV} nuclear power: A review of the state of the science",
  journal = "Energy Policy.",
  volume = "36",
  pages = "4323 - 4330",
  year = "2008",
  author = "Abram, T. and Ion, S."
}

@book{international2010iaea,
  title = "Nuclear Energy Development in the 21st Century: Global Scenarios and Regional Trends",
  series = "Nuclear Energy Series",
  number = "NP-T-1.8",
  year = "2010",
  publisher = "International Atomic Energy Agency"
}

@misc{NPW2020_2,
  title = "Nuclear Power Reactors",
  publisher = "World Nuclear Association",
  url = "https://www.world-nuclear.org",
  year = "update 2020"
}

@misc{NPW2020_3,
  title = "Advanced Nuclear Power Reactors",
  publisher = "World Nuclear Association",
  url = "https://www.world-nuclear.org",
  year = "update 2020"
}

@incollection{vsadek2017operation,
  title = "Operation and Performance Analysis of Steam Generators in Nuclear Power Plants",
  author = "{\v{S}}adek, S. and Grgi{\'c}, D.",
  booktitle = "Heat Exchangers-Advanced Features and Applications",
  year = "2017",
  publisher = "IntechOpen"
}

%--------------------------------------------------------------------------------------------------------- 
@article{Chen1975b,
  Author = "Chen, S. S.",
  Journal = "Nuclear Engineering and Design.",
  Pages = "399-422",
  Title = "Vibration of Nuclear Fuel Bundles",
  Volume = "35",
  Year = "1975"
}

@book{DuBuat1786,
  Author = "DuBuat, P. L. G.",
  Publisher = "De l'imprimerie de Monsieur",
  Title = "Principes d'Hydraulique",
  Year = "1786"
}

@book{Poisson1832,
  Author = "Poisson, S. D.",
  Publisher = "Mem. Acad. Roy. Sc.",
  Title = "Sur les mouvements simultan\'es d'un pendule et de l'air environnant",
  Year = "1832"
}

@article{Green1833,
  Author = "Green, G.",
  Journal = "Transactions of the Royal Society of Edinburgh.",
  Pages = "54-68",
  Title = "Researches on the Vibration of Pendulums in Fluid Media",
  Volume = "13",
  Year = "1833"
}

@article{Stokes1843,
  Author = "Stokes, G. G.",
  Journal = "Mathematical and Physical Papers.",
  Pages = "17-68",
  Title = "On some cases of Fluid Motion",
  Volume = "",
  Year = "2009"
}

@inproceedings{1,
  Author = "Clough, R. W.",
  Publisher = "Proceedings of 2nd World Conference on Earthquake Engineering",
  Pages = "815-831",    
  Title = "Effects of Eathquakes on Underwater Structures",
  Volume = "11",
  booktitle = "",
  Year = "1960"
}

@article{3,
  Author = "Chandrasekaran, A. R. and Saini, S. S. and Malhotra, M. M.",
  Journal = "Journal of the Hydraulics Division.",
  Pages = "887-896",    
  Title = "Virtual Mass of Submerged Structures",
  Volume = "98",
  Year = "1972"
}

@article{4,
  Author = "Stelson, T. E. and Mavis, F. T.",
  Journal = "Transactions of the American Society of Civil Engineers.", 
  Pages = "518-525",
  Title = "Virtual Mass and Acceleration in Fluids",
  Volume = "122",
  Year = "1957"
}

@article{6,
  Author = "Keulegan, G. H. and Carpenter, L. H.",
  Journal = "Journal of Research of the National Bureau of Standards.", 
  Pages = "2857",
  Title = "Forces on Cylinders and Plates in an Oscillating Fluid",
  Volume = "60",
  Year = "1958"
}

@inproceedings{12,
  Author = "Garrison, C. J. and Berklitc, R. B.",
  booktitle = "Offshore Technology Conference",    
  Pages = "429-442",
  Title = "Hydrodynamic Loads Induced by Earthquakes",
  Volume = "1",
  Year = "1972"
}

@article{13,
  Author = "Sarpkaya, T.",
  Journal = "American Institute of Aeronautics and Astronautics Journal.", 
  Pages = "414-420",
  Title = "Separated Flow About Lifting Bodies and Impulsive Flow About Cylinders",
  Volume = "4",
  Year = "1966"
}

@article{17,
  Author = "Chandrasekaran, A. R. and Saini, S. S.",
  Journal = "Water and Energy International.", 
  Pages = "263-268",
  Title = "Vibration of Submerged Structures",
  Volume = "28",
  Year = "1971"
}

@book{20,
  Author = "Skop, R. A. and Ramberg, S. E. and Ferer, K. M.",
  Publisher = "Washington : Dept. of Defense, Dept. of the Navy, Office of Naval Research, Naval Research Laboratory ; Springfield",
  Title = "Added Mass and Damping Forces on Circular Cylinders",
  Year = "1976"
}

@article{29,
  Author = "Sarpkaya, T.",
  Journal = "Journal of Applied Mechanics.", 
  Pages = "32-37",
  Title = "Forces on Cylinders and Spheres In A Sinusoidally Oscillating Fluid",
  Volume = "42",
  Year = "1975"
}

@article{19,
  Author = "Dalton, C. and Helfinstine, R. A.",
  Journal = "Journal of Basic Engineering.",
  Pages = "636-642",
  Title = "Potential flow past a group of circular cylinders",
  Volume = "93",
  Year = "1971"
}

@article{26,
  Author = "Chen, S. S. and Chung, H.",
  Journal = "Argonne National Laboratory, ANL-CT-76-45, 1976", 
  Pages = "",
  Title = "Design Guide for Calculating Hydrodynamic Mass. Part 1: Circular Cylindrical Structures",
  Volume = "",
  Year = "1976"
}

@article{31,
  Author = "Shin, Y. S. and Wambgsganss, M. W.",
  Journal = "Nuclear Engineering and Design.", 
  Pages = "235-284",
  Title = "Flow-Induced Vibration in LMFBR Steam Generators: A State-of-the-Art Review",
  Volume = "40",
  Year = "1977"
}

@article{36,
  Author = "Chen, S. S.",
  Journal = "Transactions of the 3rd International Conf. on Structural Mechanics in Reactor Technology.",
  Pages = "1-11",
  Title = "Vibrations of a Group of Circular Cylindrical Structures in A Liquid",
  Volume = "1",
  Year = "1975"
}

@article{42,
  Author = "Wu, R. W. and Liu, L. K. and Levy, S.",
  Journal = "Transactions of the 4th International Conf. on Structural Mechanics in Reactor Technology.",
  Pages = "1-14",
  Title = "Dynamic Analysis of Multibody System Immersed in a Fluid Medium",
  Volume = "",
  Year = "1977"
}

@book{Patton1965,
  Author = "Patton, K. T.",
  Publisher = "The American Society of Mechanical Engineers",
  Title = "Tables of hydrodynamic mass factors for translational motion",
  Year = "1965"
}

@article{Lagrange2020,
  title = "New estimations of the added mass and damping of two cylinders vibrating in a viscous fluid, from theoretical and numerical approaches",
  author = "Lagrange, R. and Fraigneau, Y.",
  journal = "Journal of Fluids and Structures.",
  volume = "92",
  pages = "102818",
  year = "2020"
}

@article{Lagrange2018,
  Author = "Lagrange, R. and Delaune, X. and Piteau, P. and Borsoi, L. and Antunes, J.",
  Journal = "Journal of Fluids and Structures.",
  Pages = "102-114",
  Title = "A new analytical approach for modeling the added mass and hydrodynamic interaction of two cylinders subjected to large motions in a potential stagnant fluid",
  Volume = "77",
  Year = "2018"
}

@article{cheny_2010,
  Author = "Cheny, Y. and Botella, O.",
  Journal = "Journal of Computational Physics.",
  Pages = "1043--1076",
  Title = "LS-STAG method: A new immersed boundary/level-set method for the computation of incompressible viscous flows in complex moving geometries with good conservation properties",
  Volume = "229",
  Year = "2010"
}

@article{gronski_2016,
  Author = "Gronski, A. and Artana, G.",
  Journal = "Computers and Fluids.",
  Pages = "86--104",
  Title = "A simple and efficient direct forcing immersed boundary method combined with a high order compact scheme for simulating flows with moving rigid boundaries",
  Volume = "124",
  Year = "2016"
}

%---------------------------------------------------------------------------------------------------------------

@article{Chen1976,
  Author = "Chen, S. S. and Wambsganss, M. W. and Jendrzejczyk, J. A.",
  Journal = "Journal of Applied Mechanics.",
  Pages = "325-329",
  Title = "Added mass and damping of a vibrating rod in confined viscous fluids",
  Volume = "43",
  Year = "1976"
}  

@article{Yeh1978,
  Author = "Yeh, T. T. and Chen, S. S.",
  Journal = "Journal of Sound and Vibration.",
  Pages = "453-467",
  Title = "The effect of fluid viscosity on coupled tube/fluid vibrations",
  Volume = "59",
  Year = "1978"
} 

@article{Stokes1850,
  Author = "Stokes, G. G.",
  Journal = "Transactions of the Cambridge Philosophical Society.",
  Pages = "8-106",
  Title = "On the effect of the internal friction of fluids on pendulums",
  Volume = "9",
  Year = "1851"
}

@inproceedings{Angeli2015,
  Author = "Angeli, Pierre-Emmanuel and Bieder, Ulrich and Fauchet, Gauthier",
  Title = "OVERVIEW OF THE TRIO{CFD} CODE: MAIN FEATURES, {V}\&{V} PROCEDURES AND TYPICAL APPLICATIONS TO NUCLEAR ENGINEERING",
  booktitle = "Conference: NURETH-16, Chicago, IL",
  Year = "2015",
  pages = "252"
}

@inproceedings{Angeli2017,
  Author = "Angeli, P.-E. and Puscas, M.-A. and Fauchet, G. and Cartalade, A.",
  Title = "{FVCA8} benchmark for the {S}tokes and {N}avier-{S}tokes equations with the Trio{CFD} code -- benchmark session",
  booktitle = "Finite Volumes for Complex Applications VIII - Methods and Theoretical Aspects",
  pages = "181--202",
  Year = "2017"
}

@article{Yamamoto1976,
  Author = "Yamamoto, T.",    
  Journal = "Journal of the Hydraulics Division.",
  Pages = "1193-1210",
  Title = "Hydrodynamic forces on multiple circular cylinders",
  Volume = "102",
  Year = "1976"
}

@inproceedings{Yamamoto_Nath1976,
  Author = "Yamamoto, T. and Nath, J. H. and others.",
  Booktitle = "Offshore Technology Conference",
  Title = "Hydrodynamic forces on groups of cylinders",
  Year = "1976",
  Pages = "759--768"
}

@article{Chung1977,
  Author = "Chung, H. and Chen, S. S.",
  Journal = "Journal of Applied Mechanics.",
  Pages = "213-217",
  Title = "Vibration of a Group of Circular Cylinders in a Confined Fluid",
  Volume = "44",
  Year = "1977"
}

@techreport{Chen1985,
  Author = "Chen, S. S.",
  Institution = "Argonne National Lab.(ANL), Argonne, IL (United States)",
  Title = "Flow-induced vibration of circular cylindrical structures",
  Year = "1985"
}

@article{Moretti1976,
  Author = "Moretti, P. M. and Lowery, R. L.",
  Journal = "Journal of Pressure Vessel Technology.",
  Pages = "190-193",
  Title = "Hydrodynamic Inertia Coefficients for a Tube Surrounded by Rigid Tubes",
  Volume = "98",
  Year = "1976"
}

@techreport{Pettigrew1995,
  Author = "Pettigrew, M. J. and Taylor, C. E. and Subash, N.",
  Institution = "Atomic Energy of Canada Ltd.",
  Title = "Flow-induced vibration specifications for steam generators and liquid heat exchangers",
  Year = "1995"
}

@article{chorin68,
  Author = "Chorin, A. J.",
  Journal = "Mathematics of computation.",
  Pages = "745-762",  
  Title = "Numerical solution of the {N}avier-{S}tokes equations",
  Volume = "22",
  Year = "1968"
}

@article{temam68,
  Author = "Temam, R.",
  Journal = "Bulletin de la Soci{\'e}t{\'e} Math{\'e}matique de France.",
  Pages = "115-152",
  Title = "Une m{\'e}thode d'approximation de la solution des {\'e}quations de {N}avier-{S}tokes",
  Volume = "96",
  Year = "1968"
}

@book{donea2004arbitrary,
  Author = "Donea, J. and Huerta, A. and Ponthot, J. Ph. and Rodríguez-Ferran, A.",
  Booktitle = "Encyclopedia of Computational Mechanic.",
  Publisher = "American Cancer Society",
  Title = "Arbitrary Lagrangian–Eulerian Methods",
  Year = "2004"
}

@article{donea1982arbitrary,
  Author = "Donea, J. and Giuliani, S. and Halleux, J.-P.",
  Journal = "Computer methods in applied mechanics and engineering.",
  Pages = "689-723",
  Title = "An arbitrary Lagrangian-Eulerian finite element method for transient dynamic fluid-structure interactions",
  Volume = "33",
  Year = "1982"
}

@article{koobus2000computation,
  Author = "Koobus, B. and Farhat, C. and Tran, H.",
  Journal = "Computer methods in applied mechanics and engineering.",
  Pages = "1441-1466",
  Title = "Computation of unsteady viscous flows around moving bodies using the k--$\varepsilon$ turbulence model on unstructured dynamic grids",
  Volume = "190",
  Year = "2000"
}

@article{duarte2004arbitrary,
  Author = "Duarte, F. and Gormaz, R. and Natesan, S.",
  Journal = "Computer Methods in Applied Mechanics and Engineering.",
  Pages = "4819-4836",
  Title = "Arbitrary {L}agrangian-{E}ulerian method for {N}avier-{S}tokes equations with moving boundaries",
  Volume = "193",
  Year = "2004"
}

@article{fourestey2004second,
  Author = "Fourestey, G. and Piperno, S.",
  Journal = "Computer methods in applied mechanics and engineering.",
  Pages = "4117-4137",
  Title = {A second-order time-accurate {ALE} {L}agrange-{G}alerkin method applied to wind engineering and control of bridge profiles},     Volume = "193",
  Year = "2004"
}

@inproceedings{Areva,
  author = "Glass, S.W. and Boudreaux, M. and Vojvodic, R. and Wyatt, J.",
  title = "Steam generator {AVB} gap measurement by {UT} and {ET}",
  booktitle = "10th International Conference on NDE in Relation to Structural Integrity for Nuclear and Pressurized Components, Cannes, FRANCE (JRC-NDE 2013)",
  year = "2013",
  pages = "292--297"
}

@article{monaghan1994simulating,
  Author = "Monaghan, J. J.",
  Journal = "Journal of computational physics.",
  Pages = "399--406",
  Title = "Simulating free surface flows with SPH",
  Volume = "110", 
  Year = "1994"
}

@article{puscas2015three,
  Author = "Puscas, M. A. and Monasse, L.",
  Journal = "SIAM Journal on Scientific Computing.",
  Pages = "B884-B909",
  Title = "A three-dimensional conservative coupling method between an inviscid compressible flow and a moving rigid solid",
  Volume = "37",
  Year = "2015"
}

@article{puscas2015time,
  Author = "Puscas, M. A. and Monasse, L. and Ern, A. and Tenaud, C. and Mariotti, C. and Daru, V.",
  Journal = "Journal of Computational Physics.",
  Pages = "241-262",
  Title = "A time semi-implicit scheme for the energy-balanced coupling of a shocked fluid flow with a deformable structure",
  Volume = "296",
  Year = "2015"
}

@article{puscas2015conservative,
  Author = "Puscas, M. A. and Monasse, L. and Ern, A. and Tenaud, C. and Mariotti, C.",
  Journal = "International Journal for Numerical Methods in Engineering.",
  Pages = "970--995",
  Title = "A conservative Embedded Boundary method for an inviscid compressible flow coupled with a fragmenting structure",
  Volume = "103",
  Year = "2015"
}

@article{van1979towards,
  Author = "Van Leer, B.",
  Journal = "Journal of computational Physics.",
  Pages = "101-136",
  Title = "Towards the ultimate conservative difference scheme. {V.} {A} second-order sequel to {G}odunov's method",
  Volume = "32",
  Year = "1979"
}

@article{Caillaud1999,
  author = "Caillaud, S. and de Langre, E. and Piteau, P.",
  title = "The Measurement of Fluidelastic Effects at Low Reduced Velocities Using Piezoelectric Actuators",
  journal = "ASME Journal of Pressure Vessel Technology.",
  volume = "121",
  pages = "232--238",
  year = "1999"
}

@article{Caillaud2003,
  author = "Caillaud, S. and de Langre, E. and Baj, F.",
  title = "Active Vibration Control for the Measurement of Fluidelastic Effects",
  journal = "ASME Journal of Pressure Vessel Technology.",
  volume = "125",
  number = "2",
  pages = "165--170",
  year = "2003"
}

@article{Piteau2012,
  author = "Piteau, P. and Delaune, X. and Antunes, J. and Borsoi, L.",
  year = "2012",
  pages = "56--71",
  title = "Experiments and computations of a loosely supported tube in a rigid bundle subjected to single-phase flow",
  volume = "28",
  journal = "Journal of Fluids and Structures."
}

@inproceedings{LagrangePVP2019,
  Author = "Lagrange, R. and Piteau, P. and Delaune, X. and Antunes, J.",
  Booktitle = "Pressure Vessels and Piping Conference",
  Organization = "American Society of Mechanical Engineers",
  Title = "Fluid-Elastic Coefficients in Single Phase Cross Flow: Dimensional Analysis, Direct and Indirect Experimental Methods",
  Volume = "58950",
  Pages = "V004T04A028",
  Year = "2019"
}

@article{Tanaka1981,
  author = "Tanaka, H. and Takahara, S.",
  Journal = "Journal of Sound and Vibration.",
  Pages = "19--37",
  Title = "Fluidelastic Vibration of Tube Arrays in Cross-Flow",
  Volume = "77",
  Year = "1981"
}

@inproceedings{Salome_website,
  author = "A. {Ribes} and C. {Caremoli}",
  booktitle = "31st Annual International Computer Software and Applications Conference (COMPSAC 2007)",
  title = "Salomé platform component model for numerical simulation",
  year = "2007",
  volume = "2",
  number = "",
  pages = "553--564"
}

@article{Gmsh_website,
  author = "Geuzaine, C. and Remacle, J.-F.",
  Journal = "International Journal for Numerical Methods in Engineering.",
  Pages = "1309--1331",
  Title = "Gmsh: a three-dimensional finite element mesh generator with built-in pre- and post-processing facilities",
  Volume = "79",
  Year = "2009"
}

@article{Fiorini2020,
  author = "Fiorini, Camilla and Després, Bruno and Puscas, Maria Adela",
  title = "Sensitivity equation method for the Navier-Stokes equations applied to uncertainty propagation",
  journal = "International Journal for Numerical Methods in Fluids.",
  volume = "",
  number = "",
  pages = "1--23",
  year = "2020"
}

@article{saad1986gmres,
  title = "{GMRES}: A generalized minimal residual algorithm for solving nonsymmetric linear systems",
  author = "Saad, Youcef and Schultz, Martin H",
  journal = "SIAM Journal on scientific and statistical computing",
  volume = "7",
  number = "3",
  pages = "856--869",
  year = "1986",
  publisher = "SIAM"
}
