@article{Aulisa2003,
  title = "A geometrical area-preserving volume-of-fluid advection method",
  author = "E. Aulisa, S. Manservisi, R. Scardovelli and S. Zaleski",
  journal = "Journal of Computational Physics",
  volume = "192",
  number = "1",
  pages = "355--364",
  year = "2003",
  publisher = "Elsevier"
}

@article{Duquennoy2000,
  title = "D\'eveloppement d’une approche de simulation numérique directe de l’\'ebullition en paroi",
  author = "C. Duquennoy",
  journal = "Thèse de doctorat",
  year = "2000",
  publisher = "INP Toulouse"
}

@article{Duquennoy2000_2,
  title = "A numerical model of gas-liquid-solid contact line",
  author = "C. Duquennoy, O. Lebaigue and J. Magnaudet",
  journal = "Fluid Mechanics and its Applications",
  volume = "62",
  year = "2000",
  publisher = "Kluwer Academic Publishers"
}

@article{Emonot2003,
  title = "M\'ethodes de volumes-\'el\'ements finis : application aux \'equations de Navier-Stokes et r\'esultats de convergence",
  author = "P. Emonot",
  journal = "Thèse de doctorat",
  year = "2003",
  publisher = "Universit\'e Claude Bernard, Lyon I"
}

@article{Heib2003,
  title = "Nouvelles discr\'etisations non structur\'ees pour des \'ecoulements de fluides \`a incompressibilit\'e renforc\'ee",
  author = "S. Heib",
  journal = "Thèse de doctorat",
  year = "2003",
  publisher = "Universit\'e Paris VI"
}

@article{Popinet2000,
  title = "Stabilit\'e et formation de jets dans les bulles cavitantes : d\'eveloppement d’une m\'ethode de cha\^ine de marqueurs adapt\'ee au traitement num\'erique des \'equations de Navier-Stokes avec surfaces libres",
  author = "S. Popinet",
  journal = "Thèse de doctorat",
  year = "2000",
  publisher = "Universit\'e Paris VI"
}

@article{Hirt1981,
  title = "Volume of fluid (VOF) method for the dynamics of free boundaries",
  author = "C. W. Hirt and B. D. Nichols",
  journal = "Journal of Computational Physics",
  volume = "39",
  pages = "201",
  year = "1981",
  publisher = "Elsevier"
}

@article{Jamet2001,
  title = "The second gradient method for the liquid-vapor flows with phase change",
  author = "D. Jamet, O. Lebaigue, N. Coutris and J. M. Delhaye",
  journal = "Journal of Computational Physics",
  volume = "169",
  pages = "624--651",
  year = "2001",
  publisher = "Elsevier"
}

@article{Jamet2002,
  title = {On the theory and computation of surface tension:
  The elimination of parasitic currents through energy conservation in the second gradient method},
  author = "D. Jamet, D. Torres and J. U. Brackbill.",
  journal = "Journal of Computational Physics",
  volume = "182",
  pages = "262--276",
  year = "2002",
  publisher = "Elsevier"
}

@techreport{Lebaigue1998,
  Author = "O. Lebaigue, D. Jamet, C. Duquennoy and N. Coutris",
  Institution = "6th International Conference on Nuclear Engineering",
  Title = "Review of existing methods for direct numerical simulation of liquid-vapor two-phase flows",
  Year = "1998"
}

@article{Maury1996,
  title = "Characteristics ALE method for the unsteady 3d navier-stokes equations with a free surface",
  author = "B. Maury",
  journal = "Journal of Computational Fluid Dynamics",
  volume = "6",
  pages = "175--188",
  year = "1996",
  publisher = "Elsevier"
}

@article{Shin2002,
  title = "Modeling three-dimensional multiphase flow using a level contour reconstruction method for front tracking without connectivity",
  author = "S. Shin and D. Juric",
  journal = "Journal of Computational Physics",
  volume = "180",
  pages = "427--470",
  year = "2002",
  publisher = "Elsevier"
}

@article{Unverdi1992,
  title = "A front-tracking method for viscous incompressible multi-fluid flows",
  author = "S. O. Unverdi and G. Tryggvason",
  journal = "Journal of Computational Physics",
  volume = "100",
  pages = "25--37",
  year = "1992",
  publisher = "Elsevier"
}
