@article{chorin1968numerical,
  title = "Numerical solution of the Navier-Stokes equations",
  author = "Chorin, A.~J.",
  journal = "Mathematics of computation",
  volume = "22",
  number = "104",
  pages = "745--762",
  year = "1968"
}

@article{temam1968methode,
  title = "Une m{\'e}thode d'approximation de la solution des {\'e}quations de Navier-Stokes",
  author = "Temam, R.",
  journal = "Bulletin de la Soci{\'e}t{\'e} Math{\'e}matique de France",
  volume = "96",
  pages = "115--152",
  year = "1968"
}

@article{courant1967partial,
  title = "On the partial difference equations of mathematical physics",
  author = "Courant, R. and Friedrichs, K. and Lewy, H.",
  journal = "IBM journal of Research and Development",
  volume = "11",
  number = "2",
  pages = "215--234",
  year = "1967",
  publisher = "IBM"
}

@book{quarteroni2010numerical,
  title = "Numerical mathematics",
  author = "Quarteroni, A. and Sacco, R. and Saleri, F.",
  volume = "37",
  year = "2010",
  publisher = "Springer Science \& Business Media"
}

@book{jacod2012probability,
  title = "Probability essentials",
  author = "Jacod, J. and Protter, P.",
  year = "2012",
  publisher = "Springer Science \& Business Media"
}

@phdthesis{emonot1992methodes,
  title = "M{\'e}thodes de volumes {\'e}l{\'e}ments finis: applications aux {\'e}quations de {N}avier {S}tokes et r{\'e}sultats de convergence",
  author = "Emonot, P.",
  year = "1992",
  school = "Lyon 1"
}

@incollection{Despres2013,
  title = "Robust uncertainty propagation in systems of conservation laws with the entropy closure method",
  author = "Despr{\'e}s, Bruno and Po{\"e}tte, Ga{\"e}l and Lucor, Didier",
  booktitle = "Uncertainty quantification in computational fluid dynamics",
  pages = "105--149",
  year = "2013",
  publisher = "Springer"
}

@article{Borggaard1997366,
  Author = "Borggaard, J. and Burns, J.",
  Journal = "Journal of Computational Physics",
  Number = "2",
  Pages = "366 - 384",
  Title = "A {PDE} Sensitivity Equation Method for Optimal Aerodynamic Design",
  Url = "http://www.sciencedirect.com/science/article/pii/S0021999197957430",
  Volume = "136",
  Year = "1997"
}

@book{christian1999monte,
  title = "Monte Carlo statistical methods",
  author = "Robert, C. and Casella, G.",
  year = "2013",
  publisher = "Springer Science \& Business Media"
}

@techreport{walters2002uncertainty,
  Author = "Walters, R.~W. and Huyse, L.",
  Institution = "National aeronautics and space administration, Hampton, VA, Langley research center",
  Title = "Uncertainty analysis for fluid mechanics with applications",
  Year = "2002"
}

@book{gunzburger2003perspectives,
  Author = "Gunzburger, M.~D.",
  Publisher = "Siam",
  Title = "Perspectives in flow control and optimization",
  Volume = "5",
  Year = "2003"
}

@inproceedings{Walters_03,
  Author = "R. Walters",
  Booktitle = "41st AIAA Aerospace Sciences Meeting and Exhibit, Reno, USA",
  Title = "Towards stochastic fluid mechanics via Polynomial Chaos",
  Year = "2003"
}

@article{Xiu_et_Karniadakis_03,
  title = "Modeling uncertainty in flow simulations via generalized polynomial chaos",
  author = "Xiu, D. and Karniadakis, George E.",
  journal = "Journal of computational physics",
  volume = "187",
  number = "1",
  pages = "137--167",
  year = "2003",
  publisher = "Elsevier"
}

@article{hristova_etal_04,
  Author = "H. Hristova and S. Etienne and D. Pelletier and J. Borggaard",
  Journal = "International Journal for Numerical Methods in Fluids",
  Pages = "817-844",
  Title = "A continuous sensitivity equation method for time-dependent incompressible laminar flows",
  Volume = "50",
  Year = "2004"
}

@article{Duvigneau_Pelletier_06_ijcfd,
  title = "A sensitivity equation method for fast evaluation of nearby flows and uncertainty analysis for shape parameters",
  author = "Duvigneau, R. and Pelletier, D.",
  journal = "International Journal of Computational Fluid Dynamics",
  volume = "20",
  number = "7",
  pages = "497--512",
  year = "2006",
  publisher = "Taylor \& Francis Group"
}

@article{Knio_LeMaitre_06,
  Author = "O.M. Knio and O.P. Le Maitre",
  Journal = "Fluid Dynamics Research",
  Month = "September",
  Number = "9",
  Pages = "616--640",
  Title = "Uncertainty propagation in {CFD} using polynomial chaos decomposition",
  Volume = "38",
  Year = "2006"
}

@article{abgrall_congedo_13,
  title = "A semi-intrusive deterministic approach to uncertainty quantification in non-linear fluid flow problems",
  author = "Abgrall, Remi and Congedo, Pietro Marco",
  journal = "Journal of Computational Physics",
  volume = "235",
  pages = "828--845",
  year = "2013",
  publisher = "Elsevier"
}

@PHDthesis{delenne2014propagation,
  Author = "Delenne, C.",
  School = "Montpellier II",
  Title = "Propagation de la sensibilit{\'e} dans les mod{\`e}les hydrodynamiques.",
  Year = "2014"
}

@article{chalons2018sensitivity,
  Author = "Chalons, C. and Duvigneau, R. and Fiorini, C.",
  Journal = "SIAM Journal on Scientific Computing",
  Title = "Sensitivity analysis and numerical diffusion effects for hyperbolic {P}{D}{E} systems with discontinuous solutions. {T}he case of barotropic {E}uler equations in {L}agrangian coordinates",
  volume = "40",
  number = "6",
  pages = "A3955--A3981",
  year = "2018",
  publisher = "SIAM"
}

@article{SA_Euler,
  title = "A modified ensitivity equation method for {E}uler equations in presence of shocks",
  author = "Fiorini, C. and Chalons, C. and Duvigneau, R.",
  journal = "Numerical methods for partial differential equations",
  year = "2019",
  publisher = "Wiley Online Library"
}

@phdthesis{fiorini2018phd,
  title = "Sensitivity analysis for nonlinear hyperbolic systems of conservation laws",
  author = "Fiorini, C.",
  year = "2018",
  school = "Universit√© Paris Saclay"
}

@phdthesis{heib2003nouvelles,
  title = "Nouvelles discr{\'e}tisations non structur{\'e}es pour des {\'e}coulements de fluides {\`a} incompressibilit{\'e} renforc{\'e}e",
  author = "Heib, S.",
  year = "2003",
  school = "Paris 6"
}

@inproceedings{duvigneau2005evaluation,
  title = "Evaluation of nearby flows by a shape sensitivity equation method",
  author = "Duvigneau, R. and Pelletier, D.",
  booktitle = "43rd AIAA Aerospace Sciences Meeting and Exhibit",
  pages = "127",
  year = "2005"
}

@article{duvigneau2006improved,
  title = "An improved continuous sensitivity equation method for optimal shape design in mixed convection",
  author = "Duvigneau, R. and Pelletier, D. and Borggaard, J.",
  journal = "Numerical Heat Transfer, Part B: Fundamentals",
  volume = "50",
  number = "1",
  pages = "1--24",
  year = "2006",
  publisher = "Taylor \& Francis"
}

@article{raymond2007stokes,
  title = "Stokes and {N}avier--{S}tokes equations with nonhomogeneous boundary conditions",
  author = "Raymond, J-P",
  journal = "Annales de l'Institut Henri Poincar{\'e} - Analyse Non Lin{\'e}aire",
  volume = "24",
  number = "6",
  pages = "921--951",
  year = "2007",
  publisher = "Elsevier"
}

@book{brezis2010functional,
  title = "Functional analysis, {S}obolev spaces and partial differential equations",
  author = "Brezis, H.",
  year = "2010",
  publisher = "Springer Science \& Business Media"
}

@book{galdi2011introduction,
  title = "An introduction to the mathematical theory of the {N}avier--{S}tokes equations: steady-state problems",
  author = "Galdi, G.",
  year = "2011",
  publisher = "Springer Science \& Business Media"
}

@misc{john2014oseen,
  author = "Volker, J.",
  title = "Lecture notes on numerical methods for incompressible flow problems {I}{I}, \href{https://www.wias-berlin.de/people/john/LEHRE/NUM_NSE_14/num_nse_4.pdf}{{C}hapter 4}",
  year = "2014",
  publisher = "Weierstrass Institut"
}

@inproceedings{angeli2017fvca8,
  title = "{F}{V}{C}{A}8 {B}enchmark for the {S}tokes and {N}avier--{S}tokes Equations with the {T}rio{C}{F}{D} Code - {B}enchmark Session",
  author = "Angeli, P.~E. and Puscas, M.~A. and Fauchet, G. and Cartalade, A.",
  booktitle = "International Conference on Finite Volumes for Complex Applications",
  pages = "181--202",
  year = "2017",
  organization = "Springer"
}

@article{angeli2015overview,
  title = "Overview of the {T}rio{C}{F}{D} code: main features, {V}\&{V} procedures and typical applications to nuclear engineering",
  author = "Angeli, P.-E. and Bieder, U. and Fauchet, G.",
  journal = "Nureth. 16. Chicago, USA",
  pages = "252",
  year = "2015"
}
