%%%%%%%%%%%%%%%%%%%%%%%%%%%%%%%%%%%%%%%%%%%%%%%%%%%%%%%%%%%%%%%%%%%%%%%%%%%%%%%%%%%%%%%%%%%%%%%%%%%
%% BOOKS MECAFLU
%%%%%%%%%%%%%%%%%%%%%%%%%%%%%%%%%%%%%%%%%%%%%%%%%%%%%%%%%%%%%%%%%%%%%%%%%%%%%%%%%%%%%%%%%%%%%%%%%%%

@BOOK{Book_Candel,
  title = "M\'ecanique des fluides, 2\`eme Ed.",
  publisher = "Dunod",
  year = "2001",
  author = "S\'ebastien Candel",
  isbn = "2-10-005372-8"
}

@BOOK{Book_Chassaing,
  title = "Turbulence en m\'ecanique des fluides",
  publisher = "C\'EPADU\`ES-\'EDITIONS",
  year = "2000",
  author = "Patrick Chassaing",
  isbn = "2-85428-483-6"
}

@BOOK{Guyon-Hulin-Petit,
  author = "E. Guyon and J-P. Hulin and L. Petit",
  title = "Hydrodynamique physique",
  publisher = "CNRS Editions",
  year = "1991",
  isbn = "2-222-04025-6"
}


@article{Argyropoulos-Markatos_ReviewTurbulence_AMM2015,
  title = "Recent advances on the numerical modelling of turbulent flows",
  journal = "Applied Mathematical Modelling",
  volume = "39",
  number = "2",
  pages = "693 - 732",
  year = "2015",
  issn = "0307-904X",
  doi = "https://doi.org/10.1016/j.apm.2014.07.001",
  url = "http://www.sciencedirect.com/science/article/pii/S0307904X14003448",
  author = "C.D. Argyropoulos and N.C. Markatos",
  keywords = "Turbulence modelling, DNS, LES, URANS, DES, Reynolds stress models",
}

@article{Launder-Sharma_LettHMT1974,
  title = "Application of the energy-dissipation model of turbulence to the calculation of flow near a spinning disc",
  journal = "Letters in Heat and Mass Transfer",
  volume = "1",
  number = "2",
  pages = "131 - 137",
  year = "1974",
  issn = "0094-4548",
  doi = "https://doi.org/10.1016/0094-4548(74)90150-7",
  url = "http://www.sciencedirect.com/science/article/pii/0094454874901507",
  author = "B.E. Launder and B.I. Sharma"
}

@article{Wilcox_AIAA1988,
  author = "Wilcox, David C.",
  title = "Reassessment of the scale-determining equation for advanced turbulence models",
  journal = "AIAA Journal",
  volume = "26",
  number = "11",
  pages = "1299-1310",
  year = "1988",
  doi = "10.2514/3.10041",
  URL = { 
        https://doi.org/10.2514/3.10041},
  eprint = { 
        https://doi.org/10.2514/3.10041}
}

@article{Weickert_etal_CAMWA2009,
title = "Investigation of the {LES WALE} turbulence model within the lattice Boltzmann framework",
journal = "Computers \& Mathematics with Applications",
volume = "59",
number = "7",
pages = "2200 - 2214",
year = "2010",
note = "Mesoscopic Methods in Engineering and Science",
issn = "0898-1221",
doi = "https://doi.org/10.1016/j.camwa.2009.08.060",
url = "http://www.sciencedirect.com/science/article/pii/S089812210900652X",
author = "M. Weickert and G. Teike and O. Schmidt and M. Sommerfeld"
}

@Article{Nicoud-Ducros_LES-WALE_FTC1999,
author="Nicoud, F. and Ducros, F.",
title="Subgrid-Scale Stress Modelling Based on the Square of the Velocity Gradient Tensor",
journal="Flow, Turbulence and Combustion",
year="1999",
month="Sep",
day="01",
volume="62",
number="3",
pages="183--200",
issn="1573-1987",
doi="10.1023/A:1009995426001",
url="https://doi.org/10.1023/A:1009995426001"
}

@article{Jones-Launder_IJHMT1972,
title = "The prediction of laminarization with a two-equation model of turbulence",
journal = "International Journal of Heat and Mass Transfer",
volume = "15",
number = "2",
pages = "301 - 314",
year = "1972",
issn = "0017-9310",
doi = "https://doi.org/10.1016/0017-9310(72)90076-2",
url = "http://www.sciencedirect.com/science/article/pii/0017931072900762",
author = "W.P Jones and B.E Launder"
}

@article{Chien_AIAA1982,
  author = "Chien, Kuei-Yuan",
  title = "Predictions of Channel and Boundary-Layer Flows with a Low-Reynolds-Number Turbulence Model",
  journal = "AIAA Journal",
  volume = "20",
  number = "1",
  pages = "33-38",
  year = "1982",
  doi = "10.2514/3.51043",
  URL = "https://doi.org/10.2514/3.51043"
}

@article{Fan_etal_AIAA1993,
author = "Fan, Sixin and Lakshminarayana, Budugur and Barnett, Mark",
title = "Low-Reynolds-number k-epsilon model for unsteady turbulent boundary-layer flows",
journal = "AIAA Journal",
volume = "31",
number = "10",
pages = "1777-1784",
year = "1993",
doi = "10.2514/3.11849",
URL = "https://doi.org/10.2514/3.11849"
}

@article{Reichardt1940,
author = "H. Reichardt",
title = {Die W\"arme\"ubertragung in turbulenten Reibungsschichten},
journal = "ZAMM -- J. Appl. Math. Mech. ",
volume = "20",
number = "6",
pages = "297--328",
year = "1940",
note = "Translation : HEAT TRANSFER THROUGH TURBULENT FRICTION LAYERS",
URL = "https://ntrs.nasa.gov/archive/nasa/casi.ntrs.nasa.gov/20050030063.pdf"
}

@article{Ciofalo-Collins_NHTB1989,
  author = "M. Ciofalo and M.W. Collins",
  title = "{$k$}-{$\epsilon$} Predictions of Heat Transfer in Turbulent Recirculating Flows Using an Improved Wall Treatment",
  journal = "Numerical Heat Transfer, Part B: Fundamentals",
  volume = "15",
  number = "1",
  pages = "21-47",
  year  = "1989",
  publisher = "Taylor & Francis",
  doi = "10.1080/10407798909342397"
}

@conference{Werner-Wengle_Proc1991,
  author = "M. Werner and M. Wengle",
  title = "Large-Eddy Simulation of Turbulent Flow Over and Around a Cube in a Plate Channel",
  booktitle = "8th Symposium on Turbulent Shear Flows, Munich, Germany",
  year = "1991"
}

@article{Bahari-Hejazi_IJPMS2009,
  title     = "Investigation of Buoyant Parameters of {$k$}-{$\epsilon$} Turbulence Model in Gravity Stratified Flows",
  author    = "A. Majid Bahari and  Kourosh Hejazi",
  journal   = "International Journal of Physical and Mathematical Sciences",
  volume    = "3",
  number    = "7",
  year      = "2009",
  pages     = "494 - 501",
  ee        = "https://publications.waset.org/pdf/1832",
  url       = "https://publications.waset.org/vol/31",
  bibsource = "https://publications.waset.org/",
  issn      = "eISSN: 1307-6892",
  publisher = "World Academy of Science, Engineering and Technology",
  index     = "Open Science Index 31, 2009"
  }

  
@conference{Morgans-etal_Conf1999,
  author = "R.C. Morgans and B.B. Dally and G.J. Nathan and P.V. Lanspeary and D.F. Fletcher",
  title = "APPLICATION OF THE REVISED WILCOX (1998) {$k$}-{$\omega$} TURBULENCE MODEL TO A JET IN CO-FLOW",
  booktitle = "Second International Conference on CFD in the Minerals and Process Industries CSIRO, Melbourne, Australia, 6-8 December",
  year = "1999"
}

@TECHREPORT{Genty_RapportCEA_2019,
  author = "A. Genty",
  title = "Optimisation de param\`etres du mod\`ele de turbulence {$k$}--{$\epsilon$}
          pour les \'ecoulements avec stratification thermique. \'Etude pr\'eliminaire.",
  institution = "CEA",
  year = "2019",
  number = "DEN/DANS/DM2S/STMF/LATF/NT/2019-65405/A"
}

@conference{Angeli_etal_NURETH2015,
  author = "P.-E. Angeli and U. Bieder and G. Fauchet",
  title = "OVERVIEW OF THE TRIOCFD CODE: MAIN FEATURES, {V}\&{V} PROCEDURES AND TYPICAL APPLICATIONS TO NUCLEAR  ENGINEERING",
  booktitle = "NURETH-16, Chicago, IL, August 30-September 4",
  year = "2015",
  url = "http://glc.ans.org/nureth-16/data/papers/13006.pdf"
}

@conference{Angeli_etal_FVCA2017,
  author = "P.-E. Angeli and A. Puscas and G. Fauchet and A. Cartalade",
  title = "{FVCA}8 Benchmark for the {S}tokes and {N}avier-{S}tokes {E}quations with the {T}rio{CFD} {C}ode -- {B}enchmark {S}ession",
  booktitle = "C. Canc\`es et P. Omn\`es, \'editeurs : {F}inite {V}olumes for {C}omplex {A}pplications {VIII} -- {M}ethods and {T}heoretical {A}spects, pages 181 -- 203. {S}pringer",
  year = "2017",
  doi = "http://dx.doi.org/10.1007/978-3-319-57397-7_12"
}

@misc{TrioCFD,
  author = "DES-CEA",
  title = "Code {CEA} {T}rio{CFD}",
  note = "\url{http://triocfd.cea.fr/Pages/Presentation/TrioCFD_code.aspx}"
}

@article{Shi_etal_keps-realisable_CF1995,
  title = "A new {$k$}-{$\epsilon$} eddy viscosity model for high reynolds number turbulent flows",
  journal = "Computers \& Fluids",
  volume = "24",
  number = "3",
  pages = "227 - 238",
  year = "1995",
  issn = "0045-7930",
  doi = "https://doi.org/10.1016/0045-7930(94)00032-T",
  author = "Tsan-Hsing Shih and William W. Liou and Aamir Shabbir and Zhigang Yang and Jiang Zhu"
}

@article{Launder-Spalding_NumCompTurbFlow1974,
  title = "The numerical computation of turbulent flows",
  journal = "Computer Methods in Applied Mechanics and Engineering",
  volume = "3",
  number = "2",
  pages = "269 - 289",
  year = "1974",
  issn = "0045-7825",
  doi = "https://doi.org/10.1016/0045-7825(74)90029-2",
  url = "http://www.sciencedirect.com/science/article/pii/0045782574900292",
  author = "B.E. Launder and D.B. Spalding"
}

@TECHREPORT{Angeli_Leterrier_keps-real_NT2018,
  author = "P.-E. Angeli and N. Leterrier",
  title = "Impl\'ementation et validation du mod\`ele de turbulence k-epsilon r\'ealisable dans {T}rio{CFD}",
  institution = "CEA",
  year = "2019",
  number = "DEN/DANS/DM2S/STMF/LMSF/NT/2018-64015/A"
}

@TECHREPORT{Peybernes_LowReynolds_NT2016,
  author = "M. Peybern\`es",
  title = "Mod\`eles de turbulence dans {T}rio{CFD}",
  institution = "CEA",
  year = "2016",
  number = "DEN/DANS/DM2S/STMF/LMSF/NT/16-009/A"
}

@article{Lam-Bremhorst_JFE1981,
    author = "Lam, C.K.G. and Bremhorst, K.",
    title = "A {M}odified {F}orm of the {$k$}-{$\epsilon$} {M}odel for {P}redicting {W}all {T}urbulence",
    journal = "Journal of Fluids Engineering",
    volume = "103",
    number = "3",
    pages = "456-460",
    year = "1981",
    month = "09",
    issn = "0098-2202",
    doi = "10.1115/1.3240815",
    url = "https://doi.org/10.1115/1.3240815"
}

@article{Guermond-Quartapelle_IJNMF1998,
  author = "Guermond, J.-L. and Quartapelle, L.",
  title = "On stability and convergence of projection methods based on pressure Poisson equation",
  journal = "International Journal for Numerical Methods in Fluids",
  volume = "26",
  number = "9",
  pages = "1039-1053",
  keywords = "incompressible Navier-Stokes equations, projection method, fractional-step method, pressure Poisson equation, finite elements, stabilization methods",
  doi = "10.1002/(SICI)1097-0363(19980515)26:9<1039::AID-FLD675>3.0.CO;2-U",
  url = "https://onlinelibrary.wiley.com/doi/abs/10.1002/%28SICI%291097-0363%2819980515%2926%3A9%3C1039%3A%3AAID-FLD675%3E3.0.CO%3B2-U",
  year = "1998"
}

@article{hibiki2002distribution,
  title="Distribution parameter and drift velocity of drift-flux model in bubbly flow",
  author="Hibiki, Takashi and Ishii, Mamoru",
  journal="International Journal of Heat and Mass Transfer",
  volume="45",
  number="4",
  pages="707--721",
  year="2002",
  publisher="Elsevier"
}

@article{zuber1965average,
  title="Average volumetric concentration in two-phase flow systems",
  author="Zuber, Novak and Findlay, J ASME",
  year="1965"
}

@techreport{ishii1977one,
  title="One-dimensional drift-flux model and constitutive equations for relative motion between phases in various two-phase flow regimes",
  author="Ishii, Mamoru",
  year="1977",
  institution="Argonne National Lab., Ill.(USA)"
}

@article{manninen1996mixture,
  title="On the mixture model for multiphase flow",
  author="Manninen, Mikko and Taivassalo, Veikko and Kallio, Sirpa",
  year="1996"
}

@article{mahdavi2017implementation,
  title="Implementation of diffusion and electrostatic forces to produce a new slip velocity in the multiphase approach to nanofluids",
  author="Mahdavi, Mostafa and Sharifpur, Mohsen and Meyer, Josua P",
  journal="Powder Technology",
  volume="307",
  pages="153--162",
  year="2017",
  publisher="Elsevier"
}





%%MISC{FichesValid_Trio,
%%    titre = "Liste des fiches de validations TrioCFD",
%%    author = "P.-E. Angeli",
%%    note = "{/data/tmptrust/validation/main_Validation175/Synthese_fiches_validation_V2.pdf}"
%%}
